<record><leader>00000cas a22000007a 4500</leader><controlfield tag="001">21744408</controlfield><controlfield tag="008">900608d192519uucouwr ne      0    0eng d</controlfield><datafield ind1=" " ind2=" " tag="010"><subfield code="a">sn 90051394 </subfield></datafield><datafield ind1=" " ind2=" " tag="040"><subfield code="a">CNQ</subfield><subfield code="b">eng</subfield><subfield code="c">CNQ</subfield><subfield code="d">OCLCQ</subfield></datafield><datafield ind1=" " ind2=" " tag="042"><subfield code="a">msc</subfield></datafield><datafield ind1="0" ind2=" " tag="130"><subfield code="a">Florence paradox (Florence, Colo. : Weekly)</subfield></datafield><datafield ind1="1" ind2="4" tag="245"><subfield code="a">The Florence paradox.</subfield></datafield><datafield ind1=" " ind2=" " tag="260"><subfield code="a">Florence, Fremont County, Colo. :</subfield><subfield code="b">Paradox Pub. Co.</subfield></datafield><datafield ind1=" " ind2=" " tag="300"><subfield code="a">v.</subfield></datafield><datafield ind1=" " ind2=" " tag="310"><subfield code="a">Weekly</subfield></datafield><datafield ind1="0" ind2=" " tag="362"><subfield code="a">Vol. 14, no. 31 (July 23, 1925)-</subfield></datafield><datafield ind1=" " ind2=" " tag="530"><subfield code="a">Available on microfilm from the Colorado Historical Society.</subfield></datafield><datafield ind1=" " ind2=" " tag="580"><subfield code="a">Daily ed. : Florence paradox, 1926-19uu.</subfield></datafield><datafield ind1=" " ind2=" " tag="752"><subfield code="a">United States</subfield><subfield code="b">Colorado</subfield><subfield code="c">Fremont</subfield><subfield code="d">Florence.</subfield></datafield><datafield ind1="1" ind2=" " tag="775"><subfield code="t">Florence paradox (Florence, Colo. : Daily)</subfield><subfield code="w">(DLC)sn 90051395</subfield></datafield><datafield ind1="0" ind2="0" tag="780"><subfield code="t">Paradox</subfield><subfield code="w">(DLC)sn 90051393</subfield></datafield></record>